@book{hodges1992you,
  title={Is it you or your model talking?: A framework for model validation},
  author={Hodges, James S and Dewar, James A and Center, Arroyo},
  year={1992},
  publisher={Santa Monica, CA: Rand}
}

@article{hurtado2014looking,
  title={Looking in the rear-view mirror: bias and retrospective patterns in integrated, age-structured stock assessment models},
  author={Hurtado-Ferro, Felipe and Szuwalski, Cody S and Valero, Juan L and Anderson, Sean C and Cunningham, Curry J and Johnson, Kelli F and Licandeo, Roberto and McGilliard, Carey R and Monnahan, Cole C and Muradian, Melissa L and others},

  pages={fsu198},
  year={2014},
  publisher={Oxford University Press}
}

@article{kell2016xval,
  title={Evaluation of the prediction skill of stock assessment using hindcasting},
  author={Kell, Laurence T and Kimoto, Ai and Kitakado, Toshihide},
  journal={Fisheries research},
  volume={183},
  pages={119--127},
  year={2016},
  publisher={Elsevier}
}

@article{huschke1959glossary,
  title={Glossary of meteorology},
  author={Huschke, Ralph E and others},
  journal={ },
  year={1959},
  publisher={American Meteorological Society}
}

@book{glickman2000glossary,
  title={Glossary of meteorology},
  author={Glickman, Todd S and Zenk, Walter},
  year={2000},
  publisher={American Meteorological Society}
}

@article{fricker2013three,
  title={Three recommendations for evaluating climate predictions},
  author={Fricker, Thomas E and Ferro, Christopher AT and Stephenson, David B},
  journal={Meteorological Applications},
  volume={20},
  number={2},
  pages={246--255},
  year={2013},
  publisher={Wiley Online Library}
}

@article{mohn1999retrospective,
  title={The retrospective problem in sequential population analysis: an investigation using cod fishery and simulated data},
  author={Mohn, R},
  journal={ICES Journal of Marine Science},
  volume={56},
  number={4},
  pages={473--488},
  year={1999},
  publisher={Oxford University Press}
}

@article{thygesen2017validation,
  title={Validation of ecological state space models using the Laplace approximation},
  author={Thygesen, Uffe H{\o}gsbro and Albertsen, Christoffer Moesgaard and Berg, Casper Willestofte and Kristensen, Kasper and Nielsen, Anders},
  journal={Environmental and Ecological Statistics},
  volume={24},
  number={2},
  pages={317--339},
  year={2017},
  publisher={Springer}
}

@article{griggs2002climate,
  title={Climate change 2001: the scientific basis. Contribution of working group I to the third assessment report of the intergovernmental panel on climate change},
  author={Griggs, David J and Noguer, Maria},
  journal={Weather},
  volume={57},
  number={8},
  pages={267--269},
  year={2002},
  publisher={Wiley Online Library}
}


@article{taylor2001summarizing,
  title={Summarizing multiple aspects of model performance in a single diagram},
  author={Taylor, Karl E},
  journal={Journal of Geophysical Research: Atmospheres (1984--2012)},
  volume={106},
  number={D7},
  pages={7183--7192},
  year={2001},
  publisher={Wiley Online Library}
}

@article{horbowy2011comparison,
  title={Comparison of stock management with production, difference, and age-structured models using {O}perating {M}odels},
  author={Horbowy, Jan},
  journal={Fisheries Research},
  volume={108},
  number={1},
  pages={153--162},
  year={2011},
  publisher={Elsevier}
}

@article{hyndman2006another,
  title={Another look at measures of forecast accuracy},
  author={Hyndman, Rob J and Koehler, Anne B},
  journal={International journal of forecasting},
  volume={22},
  number={4},
  pages={679--688},
  year={2006},
  publisher={Elsevier}
}

@article{chen2000impacts,
  title={Impacts of outliers and mis-specification of priors on Bayesian fisheries-stock assessment},
  author={Chen, Y and Breen, PA and Andrew, NL},
  journal={Canadian Journal of Fisheries and Aquatic Sciences},
  volume={57},
  number={11},
  pages={2293--2305},
  year={2000},
  publisher={NRC Research Press}
}

@article{anhoj2015diagnostic,
  title={Diagnostic value of run chart analysis: using likelihood ratios to compare run chart rules on simulated data series},
  author={Anh{\o}j, Jacob},
  journal={PloS one},
  volume={10},
  number={3},
  year={2015},
  publisher={Public Library of Science}
}

@article{schilling2012surprising,
  title={The surprising predictability of long runs},
  author={Schilling, Mark F},
  journal={Mathematics Magazine},
  volume={85},
  number={2},
  pages={141--149},
  year={2012},
  publisher={Taylor \& Francis}
}

@article{cox1968general,
  title={A general definition of residuals},
  author={Cox, David R and Snell, E Joyce},
  journal={Journal of the Royal Statistical Society: Series B (Methodological)},
  volume={30},
  number={2},
  pages={248--265},
  year={1968},
  publisher={Wiley Online Library}
}

